%% This BibTeX bibliography file was created using BibDesk.
%% https://bibdesk.sourceforge.io/

%% Created for Michal Ramsza at 2022-11-29 09:29:31 +0100 


%% Saved with string encoding Unicode (UTF-8) 



@article{bahmanyar2020impact,
	author = {Bahmanyar, Alireza and Estebsari, Abouzar and Ernst, Damien},
	date-added = {2022-11-29 09:29:14 +0100},
	date-modified = {2022-11-29 09:29:14 +0100},
	journal = {Energy Research \& Social Science},
	pages = {101683},
	publisher = {Elsevier},
	title = {The impact of different COVID-19 containment measures on electricity consumption in Europe},
	volume = {68},
	year = {2020}
}

@article{benaim2003,
	author = {M. Benaim and J. W. Weibull},
	journal = {Econometrica},
	pages = {873--903},
	title = {Deterministic approximation of stochastic evolution in games},
	volume = {71},
	year = {2003}
}

@article{dziembala2021,
    author = {M. Dziembała},
    journal = {Przegląd Europejski},
    title = {Pandemia COVID-19 a gospodarka Unii Europejskiej – instrumenty antykryzysowe oraz implikacje dla budżetu UE i jej państw członkowskich},
    number = {1/2021},
    pages = {84-85},
    year = {2021},
}

@article{gorska2023,
    author = {A. Górska},
    title = {Wpływ pandemii COVID-19 na ubóstwo energetyczne w UE},
    journal = {Przegląd Politologiczny},
    number = {1/2023},
    pages = {109},
    year = {2023},
}

@article{kolenda2020,
    author = {Z. Kolenda},
    title = {Zużycie energii podczas światowej pandemii Covid-19},
    journal = {Energetyka},
    number = {6/2020},
    pages = {261-262},
    month = {czerwiec},
    year = {2020},
}

@article{osborne1998,
	author = {M. Osborne and A. Rubinstein},
	journal = {American Economic Review},
	pages = {834--847},
	title = {Games with procedurally rational players},
	volume = {88},
	year = {1998}
}

@article{pangsykania2022,
	author = {S. Pangsy-Kania and K. Wierzbicka},
	journal = {Optimum. Economic Studies},
	title = {Niezależność od importu surowców energetycznych jako kluczowy element bezpieczeństwa ekonomicznego państwa. Polska na tle krajów UE},
	number = {3 (109)},
	year = {2022}
}

@article{smyk2021,
    author = {R. Smyk and P. Kowalski},
    journal = {Poznan University of Technology Academic Journals. Electrical Engineering},
    title = {Prognozowane zużycia energii elektrycznej w trakcie pandemii przy użyciu modeli szeregów czasowych},
    number = {106/2021},
    pages = {62},
    year = {2021}
}

@article{stahl2021,
    author = {W. Stahl},
    journal = {Zeszyty Naukowe Wydziału Elektrotechniki i Automatyki PG},
    title = {Wpływ pandemii COVID-19 na obciążenie Polskiego Systemu Elektroenergetycznego oraz potencjał wykorzystania usługi DSR},
    number = {73/2021},
    pages = {48},
    year = {2021},
}

@book{garland2010,
	author = {G. S. Tucker},
	publisher = {Emerald Book},
	title = {The High Tide of American Conservatism: Davis, Coolidge, and the 1924 Election},
	year = {2010}}

@misc{council2023,
    author = {Rada Unii Europejskiej},
    title = {Energy prices},
    year = {2023},
    url = {https://www.consilium.europa.eu/pl/infographics/energy-prices-2021/},
    urldate = {2023-07-24},
}

@misc{ec2015,
    author = {Komisja Unii Europejskiej},
    journal = {Dz. U. L},
    title = {Rozporządzenie Komisji (UE) 2015/1222 z dnia 24 lipca 2015 r. ustanawiające wytyczne dotyczące alokacji zdolności przesyłowych i zarządzania ograniczeniami przesyłowymi},
    volume = {197},
    year = {2015},
    pages = {24}
}

@misc{gus2023,
    author = {{GUS, Urząd Statystyczny w Rzeszowie}},
    title = {Zużycie energii w gospodarstwach domowych w 2021 r.},
    year = {2023},
    pages = {63},
}

@misc{ure2023,
    author = {{Urząd Regulacji Energetyki}},
    title = {Pandemia obniży rachunki za prąd},
    year = {2023},
    url = {https://www.ure.gov.pl/pl/urzad/informacje-ogolne/edukacja-i-komunikacja/ure-w-mediach-1/8882,Pandemia-obnizy-rachunki-za-prad.html},
    urldate = {2023-07-24},
}

@online{artsmart2023,
    author = {{Smart-Grids.pl}},
    title = {Jak lockdown zmienił profile dobowe odbiorców energii w mieszkaniach},
    year = {2023},
    url = {https://smart-grids.pl/technologie/3564-jak-lockdown-zmieni\%C5\%82-profile-dobowe-odbiorc\%C3\%B3w-energii-w-mieszkaniach.html},
    urldate = {2023-07-24},
}

@online{cire2023,
    author = {{CIRE.pl}},
    title = {W czasie pandemii spada popyt na energię w przemyśle, ale wzrasta zużycie przez gospodarstwa domowe},
    year = {2023},
    url = {https://www.cire.pl/artykuly/serwis-informacyjny-cire-24/156921-w-czasie-pandemii-spada-popyt-na-energie-w-przemysle,-ale-wzrasta-zuzycie-przez-gospodarstwa-domowe},
    urldate = {2023-08-08},
}

@online{ec2023,
    author = {Komisja Unii Europejskiej},
    title = {Struktura rynku energii elektrycznej - konsultacje},
    year = {2023},
    url = {\url{https://poland.representation.ec.europa.eu/events/struktura-rynku-energii-elektrycznej-konsultacje-2023-01-23_pl}},
    urldate = {2023-07-20},
}

@online{ep2023,
    author = {Parlament Europejski},
    title = {Polityka energetyczna - zasady ogólne},
    year = {2023},
    url = {https://www.europarl.europa.eu/factsheets/pl/sheet/68/polityka-energetyczna-zasady-ogolne},
    urldate = {2023-07-20},
}

@online{infor2022,
    author = {{infor.pl}},
    title = {Europa walczy z inflacją. W jakich krajach wskaźnik jest najwyższy?},
    year = {2022},
    url = {https://forsal.pl/gospodarka/inflacja/artykuly/8559476,europa-walczy-z-inflacja-w-jakich-krajach-wskaznik-jest-najwyzszy.html},
    urldate = {2023-08-08},
}

@online{kazimierska2023,
    author = {M. Kazimierska},
    title = {Zużycie prądu w Polsce: jaki wpływ lockdownu?},
    year = {2023},
    url = {https://enerad.pl/aktualnosci/zuzycie-pradu-w-polsce-jaki-wplyw-lockdownu/},
    urldate = {2023-07-24},
}

@online{maciuch2023,
    author = {M. Maciuch},
    title = {Gwałtowny spadek zużycia prądu w UE. Europa przestraszyła się kryzysu energetycznego},
    year = {2023},
    url = {https://biznes.interia.pl/gospodarka/news-gwaltowny-spadek-zuzycia-pradu-w-ue-europa-przestraszyla-sie,nId,6595021},
    urldate = {2023-07-24},
}

@online{rp2022,
    author = {{rp.pl}},
    title = {Inflacja w UE po raz pierwszy była dwucyfrowa. Padł także rekord w strefie euro},
    year = {2022},
    url = {https://www.rp.pl/dane-gospodarcze/art37263641-inflacja-w-ue-po-raz-pierwszy-byla-dwucyfrowa-padl-tez-rekord-w-strefie-euro},
    urldate = {2023-08-08},
}

@online{tygodnikprzeglad2021,
    author = {{tygodnikprzeglad.pl}},
    title = {Pandemia wpłynęła – zużywamy prąd},
    year = {2021},
    url = {https://www.tygodnikprzeglad.pl/pandemia-wplynela-zuzywamy-pradu/},
    urldate = {2023-08-08},
}

@online{wajer2023,
    author = {J. Wajer},
    title = {Wpływ COVID-19 na sektor elektroenergetyczny},
    year = {2023},
    url = {https://www.ey.com/pl_pl/covid-19/wplyw-covid-19-na-sektor-elektroenergetyczny},
    urldate = {2023-07-24},
}

@online{wysokienapiecie2023,
    author = {{WysokieNapiecie.pl}},
    title = {Energetyka odczuje skutki koronawirusa},
    year = {2023},
    url = {https://wysokienapiecie.pl/27549-energetyka-odczuje-skutki-koronawirusa/},
    urldate = {2023-07-24},
}

@report{biuroanalizpfr2020,
    author = {{Biuro Analiz PFR S.A.}},
    title = {Zmiana zużycia energii jako przybliżenie trendów aktywności gospodarczej podczas pandemii COVID-19 w Europie},
    year = {2020},
    day = {22},
    month = {kwietnia},
    pages = {6},
}
